
@book{degroot,   
  AUTHOR    = "Morris H. DeGroot and Mark J. Schervish", 
  TITLE     = "Probability and Statistics",
  PUBLISHER = "Pearson",
  YEAR      = "2011",
  Volume    = {},
  Series    = {},
  Address   = {},
  Edition   = "4th",
  Month     = "January",
  Note      = {},
  Key       = {}
}
